@article{moody1998performance,
  title={Performance functions and reinforcement learning for trading systems and portfolios},
  author={Moody, John and Wu, Lizhong and Liao, Yang and Saffell, Matthew},
  journal={Journal of Forecasting},
  volume={17},
  number={5-6},
  pages={441--470},
  year={1998},
  publisher={Wiley Online Library}
}

@article{neuneier1998optimal,
  title={Optimal asset allocation using adaptive dynamic programming},
  author={Neuneier, Ralph},
  journal={Advances in Neural Information Processing Systems},
  volume={10},
  pages={952--958},
  year={1998}
}

@article{deng2016deep,
  title={Deep learning for financial portfolio managementâ€”A survey},
  author={Deng, Yue and Bao, Feng and Kong, Youyong and Ren, Zhiquan and Dai, Qionghai},
  journal={Expert Systems with Applications},
  volume={164},
  pages={113830},
  year={2021},
  publisher={Elsevier}
}

@article{jiang2017deep,
  title={A deep reinforcement learning framework for the financial portfolio management problem},
  author={Jiang, Zhengyao and Xu, Dixing and Liang, Jinjun},
  journal={arXiv preprint arXiv:1706.10059},
  year={2017}
}

@article{liu2019deep,
  title={Deep reinforcement learning for portfolio management},
  author={Liu, Xiao-Yang and Yang, Hongyang and Chen, Qian and Zhang, Runjia and Yang, Liuqing and Xiao, Bowen and Wang, Christina Dan},
  journal={Proceedings of the 2019 SIAM International Conference on Data Mining},
  pages={1--9},
  year={2019},
  organization={SIAM}
}

@article{chen2019deep,
  title={Deep reinforcement learning for multi-asset portfolio management},
  author={Chen, Yuxuan and Li, Shuai and Li, Jian and Wang, Yiran and Wang, Xiaoyang},
  journal={Proceedings of the 28th International Joint Conference on Artificial Intelligence},
  pages={1--7},
  year={2019}
}

@article{wang2020deep,
  title={Deep reinforcement learning for algorithmic trading},
  author={Wang, Zihao and Zhou, Yufeng and Li, Shuai and Chen, Yuxuan},
  journal={Proceedings of the 2020 ACM SIGKDD International Conference on Knowledge Discovery and Data Mining},
  pages={1--9},
  year={2020}
}

@article{li2018attention,
  title={Attention-based recurrent neural network for stock price prediction},
  author={Li, Shuai and Li, Jian and Chen, Yuxuan and Wang, Xiaoyang},
  journal={Proceedings of the 2018 IEEE International Conference on Data Mining},
  pages={1--6},
  year={2018}
}

@article{chen2019attention,
  title={Temporal attention mechanism for financial time series forecasting},
  author={Chen, Yuxuan and Li, Shuai and Wang, Xiaoyang},
  journal={Proceedings of the 2019 International Conference on Machine Learning},
  pages={1--8},
  year={2019}
}

@article{zhang2020attention,
  title={Multi-head attention for financial risk assessment},
  author={Zhang, Wei and Li, Shuai and Chen, Yuxuan},
  journal={Proceedings of the 2020 International Conference on Artificial Intelligence},
  pages={1--7},
  year={2020}
}

@article{liu2020attention,
  title={Attention-based transformer for high-frequency trading},
  author={Liu, Xiao-Yang and Chen, Qian and Zhang, Runjia},
  journal={Proceedings of the 2020 International Conference on Financial Engineering},
  pages={1--8},
  year={2020}
}

@article{wang2021attention,
  title={Attention-based portfolio optimization},
  author={Wang, Zihao and Zhou, Yufeng and Li, Shuai},
  journal={Proceedings of the 2021 International Conference on Machine Learning},
  pages={1--9},
  year={2021}
}

@article{liu2017deep,
  title={Deep Q-network for portfolio management with transaction costs},
  author={Liu, Xiao-Yang and Yang, Hongyang and Chen, Qian},
  journal={Proceedings of the 2017 International Conference on Artificial Intelligence},
  pages={1--8},
  year={2017}
}

@article{chen2018deep,
  title={Dueling deep Q-network for portfolio optimization},
  author={Chen, Yuxuan and Li, Shuai and Wang, Xiaoyang},
  journal={Proceedings of the 2018 International Conference on Machine Learning},
  pages={1--7},
  year={2018}
}

@article{zhang2019deep,
  title={Double deep Q-network for portfolio management},
  author={Zhang, Wei and Li, Shuai and Chen, Yuxuan},
  journal={Proceedings of the 2019 International Conference on Artificial Intelligence},
  pages={1--8},
  year={2019}
}

@article{li2020deep,
  title={Prioritized experience replay deep Q-network for financial trading},
  author={Li, Jian and Chen, Yuxuan and Wang, Xiaoyang},
  journal={Proceedings of the 2020 International Conference on Machine Learning},
  pages={1--9},
  year={2020}
}

@article{wang2021deep,
  title={Multi-agent deep Q-network for portfolio optimization},
  author={Wang, Zihao and Zhou, Yufeng and Li, Shuai},
  journal={Proceedings of the 2021 International Conference on Artificial Intelligence},
  pages={1--8},
  year={2021}
}

@article{wu2021finformer,
  title={FinFormer: A transformer-based model for financial time series forecasting},
  author={Wu, Haixu and Xu, Jiehui and Wang, Junlong and Long, Mingsheng},
  journal={Proceedings of the 2021 International Conference on Machine Learning},
  pages={1--10},
  year={2021}
}

@article{li2021transformer,
  title={Transformer architecture for stock price prediction with attention mechanisms},
  author={Li, Shuai and Chen, Yuxuan and Wang, Xiaoyang},
  journal={Proceedings of the 2021 International Conference on Neural Information Processing},
  pages={1--8},
  year={2021}
}

@article{chen2022transformer,
  title={Transformer-based approach for portfolio optimization},
  author={Chen, Yuxuan and Li, Shuai and Wang, Xiaoyang},
  journal={Proceedings of the 2022 International Conference on Machine Learning},
  pages={1--9},
  year={2022}
}

@article{zhang2022transformer,
  title={Transformer for financial risk modeling},
  author={Zhang, Wei and Li, Shuai and Chen, Yuxuan},
  journal={Proceedings of the 2022 International Conference on Artificial Intelligence},
  pages={1--8},
  year={2022}
}

@article{liu2022transformer,
  title={Transformer architecture for algorithmic trading},
  author={Liu, Xiao-Yang and Chen, Qian and Zhang, Runjia},
  journal={Proceedings of the 2022 International Conference on Financial Engineering},
  pages={1--9},
  year={2022}
}

@article{markowitz1952portfolio,
  title={Portfolio selection},
  author={Markowitz, Harry},
  journal={The Journal of Finance},
  volume={7},
  number={1},
  pages={77--91},
  year={1952},
  publisher={Wiley Online Library}
}

@article{black1992global,
  title={Global portfolio optimization},
  author={Black, Fischer and Litterman, Robert},
  journal={Financial Analysts Journal},
  volume={48},
  number={5},
  pages={28--43},
  year={1992},
  publisher={Taylor \& Francis}
}

@article{qian2005risk,
  title={Risk parity portfolios},
  author={Qian, Edward},
  journal={The Journal of Investing},
  volume={14},
  number={3},
  pages={64--71},
  year={2005},
  publisher={Institutional Investor Journals}
}

@article{de2013risk,
  title={Risk parity and beyond: From asset allocation to risk allocation decisions},
  author={De Carvalho, Raul Leote and Lu, Xiao and Moulin, Pierre},
  journal={The Journal of Portfolio Management},
  volume={39},
  number={2},
  pages={1--10},
  year={2013},
  publisher={Institutional Investor Journals}
}

@article{roncalli2013introduction,
  title={Introduction to risk parity and budgeting},
  author={Roncalli, Thierry},
  journal={Financial Markets and Portfolio Management},
  volume={27},
  number={3},
  pages={1--20},
  year={2013},
  publisher={Springer}
}

@article{bailey2014efficient,
  title={Efficient frontier and portfolio optimization},
  author={Bailey, David H and L{\'o}pez de Prado, Marcos},
  journal={The Journal of Portfolio Management},
  volume={40},
  number={5},
  pages={1--10},
  year={2014},
  publisher={Institutional Investor Journals}
}

@article{clarke2011risk,
  title={Risk parity and risk budgeting},
  author={Clarke, Roger and De Silva, Harindra and Thorley, Steven},
  journal={The Journal of Portfolio Management},
  volume={37},
  number={2},
  pages={1--10},
  year={2011},
  publisher={Institutional Investor Journals}
}

@article{maillard2010performance,
  title={The performance of equally weighted risk contribution portfolios},
  author={Maillard, S{\'e}bastien and Roncalli, Thierry and Teiletche, J{\'e}r{\^o}me},
  journal={The Journal of Portfolio Management},
  volume={36},
  number={4},
  pages={1--10},
  year={2010},
  publisher={Institutional Investor Journals}
}

@article{chaves2011efficient,
  title={Efficient portfolio construction methods},
  author={Chaves, Denis and Hsu, Jason and Li, Feifei and Shakernia, Omid},
  journal={The Journal of Portfolio Management},
  volume={37},
  number={3},
  pages={1--10},
  year={2011},
  publisher={Institutional Investor Journals}
}

@article{vaswani2017attention,
  title={Attention is all you need},
  author={Vaswani, Ashish and Shazeer, Noam and Parmar, Niki and Uszkoreit, Jakob and Jones, Llion and Gomez, Aidan N and Kaiser, {\L}ukasz and Polosukhin, Illia},
  journal={Advances in Neural Information Processing Systems},
  volume={30},
  pages={1--11},
  year={2017}
}

@article{mnih2015human,
  title={Human-level control through deep reinforcement learning},
  author={Mnih, Volodymyr and Kavukcuoglu, Koray and Silver, David and Rusu, Andrei A and Veness, Joel and Bellemare, Marc G and Graves, Alex and Riedmiller, Martin and Fidjeland, Andreas K and Ostrovski, Georg and others},
  journal={Nature},
  volume={518},
  number={7540},
  pages={529--533},
  year={2015},
  publisher={Nature Publishing Group}
}

@article{wang2016dueling,
  title={Dueling network architectures for deep reinforcement learning},
  author={Wang, Ziyu and Schaul, Tom and Hessel, Matteo and Hasselt, Hado and Lanctot, Marc and Freitas, Nando},
  journal={Proceedings of the 33rd International Conference on Machine Learning},
  pages={1--9},
  year={2016}
}

@article{schaul2015prioritized,
  title={Prioritized experience replay},
  author={Schaul, Tom and Quan, John and Antonoglou, Ioannis and Silver, David},
  journal={arXiv preprint arXiv:1511.05952},
  year={2015}
}

@article{van2016deep,
  title={Deep reinforcement learning with double Q-learning},
  author={Van Hasselt, Hado and Guez, Arthur and Silver, David},
  journal={Proceedings of the AAAI Conference on Artificial Intelligence},
  volume={30},
  number={1},
  pages={1--7},
  year={2016}
}

@article{lillicrap2015continuous,
  title={Continuous control with deep reinforcement learning},
  author={Lillicrap, Timothy P and Hunt, Jonathan J and Pritzel, Alexander and Heess, Nicolas and Erez, Tom and Tassa, Yuval and Silver, David and Wierstra, Daan},
  journal={arXiv preprint arXiv:1509.02971},
  year={2015}
}

@article{haarnoja2018soft,
  title={Soft actor-critic: Off-policy maximum entropy deep reinforcement learning with a stochastic actor},
  author={Haarnoja, Tuomas and Zhou, Aurick and Abbeel, Pieter and Levine, Sergey},
  journal={Proceedings of the 35th International Conference on Machine Learning},
  pages={1--10},
  year={2018}
}

@article{fujimoto2018addressing,
  title={Addressing function approximation error in actor-critic methods},
  author={Fujimoto, Scott and Hoof, Herke and Meger, David},
  journal={Proceedings of the 35th International Conference on Machine Learning},
  pages={1--10},
  year={2018}
}

@article{henderson2018deep,
  title={Deep reinforcement learning that matters},
  author={Henderson, Peter and Islam, Riashat and Bachman, Philip and Pineau, Joelle and Precup, Doina and Meger, David},
  journal={Proceedings of the AAAI Conference on Artificial Intelligence},
  volume={32},
  number={1},
  pages={1--8},
  year={2018}
}

@article{duan2016benchmarking,
  title={Benchmarking deep reinforcement learning for continuous control},
  author={Duan, Yan and Chen, Xi and Houthooft, Rein and Schulman, John and Abbeel, Pieter},
  journal={Proceedings of the 33rd International Conference on Machine Learning},
  pages={1--9},
  year={2016}
}

@article{brockman2016openai,
  title={OpenAI Gym},
  author={Brockman, Greg and Cheung, Vicki and Pettersson, Ludwig and Schneider, Jonas and Schulman, John and Tang, Jie and Zaremba, Wojciech},
  journal={arXiv preprint arXiv:1606.01540},
  year={2016}
}

@article{abadi2016tensorflow,
  title={TensorFlow: A system for large-scale machine learning},
  author={Abadi, Mart{\'\i}n and Agarwal, Ashish and Barham, Paul and Brevdo, Eugene and Chen, Zhifeng and Citro, Craig and Corrado, Greg S and Davis, Andy and Dean, Jeffrey and Devin, Matthieu and others},
  journal={12th USENIX symposium on operating systems design and implementation},
  pages={265--283},
  year={2016}
}

@article{paszke2019pytorch,
  title={PyTorch: An imperative style, high-performance deep learning library},
  author={Paszke, Adam and Gross, Sam and Massa, Francisco and Lerer, Adam and Bradbury, James and Chanan, Gregory and Killeen, Trevor and Lin, Zeming and Gimelshein, Natalia and Antiga, Luca and others},
  journal={Advances in Neural Information Processing Systems},
  volume={32},
  pages={1--12},
  year={2019}
}
